

<record>
  <controlfield tag="001">990</controlfield>
  <controlfield tag="005">20160406113155.0</controlfield>
  <datafield tag="024" ind1="7" ind2=" ">
    <subfield code="a">10.1016/0375-9474(74)90508-9</subfield>
    <subfield code="2">DOI</subfield>
  </datafield>
  <datafield tag="035" ind1=" " ind2=" ">
    <subfield code="a">Landau:1974eq</subfield>
    <subfield code="9">SPIRESTeX</subfield>
  </datafield>
  <datafield tag="037" ind1=" " ind2=" ">
    <subfield code="a">Print-74-0888 (BRITISH COLUMBIA)</subfield>
  </datafield>
  <datafield tag="100" ind1=" " ind2=" ">
    <subfield code="a">Landau, R.H.</subfield>
    <subfield code="u">British Columbia U.</subfield>
    <subfield code="v">Department of Physics, University of British Columbia, Vancouver, Canada, V6T 1W5</subfield>
    <subfield code="w">R.H.Landau.1</subfield>
    <subfield code="x">1001170</subfield>
    <subfield code="y">0</subfield>
    <subfield code="z">902688</subfield>
  </datafield>
  <datafield tag="245" ind1=" " ind2=" ">
    <subfield code="a">The Role of Off-Shell Scattering in the Pion Optical Potential</subfield>
  </datafield>
  <datafield tag="260" ind1=" " ind2=" ">
    <subfield code="c">1974</subfield>
    <subfield code="t">published</subfield>
  </datafield>
  <datafield tag="269" ind1=" " ind2=" ">
    <subfield code="c">1974-04</subfield>
  </datafield>
  <datafield tag="300" ind1=" " ind2=" ">
    <subfield code="a">10</subfield>
  </datafield>
  <datafield tag="520" ind1=" " ind2=" ">
    <subfield code="a">A discussion of the expected and calculated importance of the off-energy-shell π N interaction as it is used to construct a pi-nucleus optical potential is presented. Simple coordinatespace and equivalent momentum-space descriptions of the multiple scattering process are employed, as well as numerical studies including recently developed π N models. It is demonstrated that by incorporating the inherent short-but-non-zero-range aspects of the π N interaction into the nuclear scattering theory, the off-shell sensitivity will be slight even without the introduction of fixed nucleons or nucleon-nucleon correlations which keep the nucleons apart. Several of the popular pi-nucleus theories are consequently found to be physically unacceptable.</subfield>
    <subfield code="9">Elsevier</subfield>
  </datafield>
  <datafield tag="542" ind1=" " ind2=" ">
    <subfield code="f">Copyright @ unknown. Published by Elsevier B.V.</subfield>
  </datafield>
  <datafield tag="690" ind1="C" ind2=" ">
    <subfield code="a">Published</subfield>
    <subfield code="2">INSPIRE</subfield>
  </datafield>
  <datafield tag="700" ind1=" " ind2=" ">
    <subfield code="a">Tabakin, F.</subfield>
    <subfield code="u">Pittsburgh U.</subfield>
    <subfield code="v">Department of Physics, University of Pittsburgh, Pittsburgh, PA 15213, USA</subfield>
    <subfield code="w">F.Tabakin.1</subfield>
    <subfield code="x">986904</subfield>
    <subfield code="y">1</subfield>
    <subfield code="z">903130</subfield>
  </datafield>
  <datafield tag="773" ind1=" " ind2=" ">
    <subfield code="y">1974</subfield>
    <subfield code="p">Nucl.Phys.</subfield>
    <subfield code="c">445-454</subfield>
    <subfield code="v">A231</subfield>
    <subfield code="1">1214548</subfield>
  </datafield>
  <datafield tag="909" ind1="C" ind2="O">
    <subfield code="o">oai:inspirehep.net:990</subfield>
    <subfield code="p">INSPIRE:HEP</subfield>
  </datafield>
  <datafield tag="961" ind1=" " ind2=" ">
    <subfield code="c">1974-04-01</subfield>
    <subfield code="x">2016-04-06</subfield>
  </datafield>
  <datafield tag="970" ind1=" " ind2=" ">
    <subfield code="a">SPIRES-29912</subfield>
  </datafield>
  <datafield tag="980" ind1=" " ind2=" ">
    <subfield code="a">Published</subfield>
  </datafield>
  <datafield tag="980" ind1=" " ind2=" ">
    <subfield code="a">Citeable</subfield>
  </datafield>
  <datafield tag="980" ind1=" " ind2=" ">
    <subfield code="a">HEP</subfield>
  </datafield>
  <datafield tag="999" ind1="C" ind2="5">
    <subfield code="s">Phys.Rev.,C6,765</subfield>
  </datafield>
  <datafield tag="999" ind1="C" ind2="5">
    <subfield code="s">Nucl.Phys.,A174,251</subfield>
    <subfield code="0">1438386</subfield>
  </datafield>
  <datafield tag="999" ind1="C" ind2="5">
    <subfield code="s">Nucl.Phys.,B49,541</subfield>
    <subfield code="0">84367</subfield>
  </datafield>
  <datafield tag="999" ind1="C" ind2="5">
    <subfield code="s">Phys.Rev.,C6,1118</subfield>
    <subfield code="0">79858</subfield>
  </datafield>
  <datafield tag="999" ind1="C" ind2="5">
    <subfield code="s">Annals Phys.,78,299</subfield>
    <subfield code="0">87473</subfield>
  </datafield>
  <datafield tag="999" ind1="C" ind2="5">
    <subfield code="s">Phys.Rev.,C7,1750</subfield>
    <subfield code="0">82171</subfield>
  </datafield>
  <datafield tag="999" ind1="C" ind2="5">
    <subfield code="s">Nucl.Phys.,B58,55</subfield>
    <subfield code="0">84020</subfield>
  </datafield>
  <datafield tag="999" ind1="C" ind2="5">
    <subfield code="s">Annals Phys.,71,542</subfield>
    <subfield code="0">76602</subfield>
  </datafield>
  <datafield tag="999" ind1="C" ind2="5">
    <subfield code="s">Nucl.Phys.,A206,176</subfield>
    <subfield code="0">84127</subfield>
  </datafield>
  <datafield tag="999" ind1="C" ind2="5">
    <subfield code="s">Nucl.Phys.,A208,56</subfield>
  </datafield>
  <datafield tag="999" ind1="C" ind2="5">
    <subfield code="s">Nucl.Phys.,A197,449</subfield>
    <subfield code="0">84420</subfield>
  </datafield>
  <datafield tag="999" ind1="C" ind2="5">
    <subfield code="s">Phys.Rev.,99,899</subfield>
  </datafield>
  <datafield tag="999" ind1="C" ind2="5">
    <subfield code="s">Annals Phys.,13,110</subfield>
  </datafield>
  <datafield tag="999" ind1="C" ind2="5">
    <subfield code="s">Annals Phys.,75,56</subfield>
    <subfield code="0">87208</subfield>
  </datafield>
  <datafield tag="999" ind1="C" ind2="5">
    <subfield code="s">Phys.Rev.,C7,63</subfield>
    <subfield code="0">82560</subfield>
  </datafield>
  <datafield tag="999" ind1="C" ind2="5">
    <subfield code="s">Nucl.Phys.,A208,20</subfield>
  </datafield>
  <datafield tag="999" ind1="C" ind2="5">
    <subfield code="s">Bull.Am.Phys.Soc.,19,43</subfield>
  </datafield>
  <datafield tag="999" ind1="C" ind2="5">
    <subfield code="s">Phys.Lett.,B46,228</subfield>
    <subfield code="0">84672</subfield>
  </datafield>
  <datafield tag="999" ind1="C" ind2="5">
    <subfield code="s">Annals Phys.,8,551</subfield>
    <subfield code="0">8961</subfield>
  </datafield>
  <datafield tag="999" ind1="C" ind2="5">
    <subfield code="s">Phys.Rev.,D5,2746</subfield>
    <subfield code="0">74104</subfield>
  </datafield>
  <datafield tag="999" ind1="C" ind2="5">
    <subfield code="s">Phys.Lett.,45B,195</subfield>
    <subfield code="0">1441307</subfield>
  </datafield>
  <datafield tag="999" ind1="C" ind2="5">
    <subfield code="s">Phys.Rev.Lett.,30,105</subfield>
    <subfield code="0">84544</subfield>
  </datafield>
  <datafield tag="999" ind1="C" ind2="5">
    <subfield code="s">Phys.Rev.,98,761</subfield>
    <subfield code="0">48023</subfield>
  </datafield>
  <datafield tag="999" ind1="C" ind2="5">
    <subfield code="s">Nucl.Phys.,A167,257</subfield>
    <subfield code="0">68658</subfield>
  </datafield>
  <datafield tag="999" ind1="C" ind2="5">
    <subfield code="s">Annals Phys.,54,447</subfield>
    <subfield code="0">58726</subfield>
  </datafield>
  <datafield tag="999" ind1="C" ind2="5">
    <subfield code="s">Phys.Rev.,C7,2256</subfield>
    <subfield code="0">82070</subfield>
  </datafield>
  <datafield tag="999" ind1="C" ind2="5">
    <subfield code="s">Phys.Rev.,C6,1620</subfield>
    <subfield code="0">82586</subfield>
  </datafield>
  <datafield tag="999" ind1="C" ind2="5">
    <subfield code="s">Phys.Lett.,B45,203</subfield>
    <subfield code="0">84753</subfield>
  </datafield>
  <datafield tag="999" ind1="C" ind2="5">
    <subfield code="s">Bull.Am.Phys.Soc.,18,20</subfield>
  </datafield>
  <datafield tag="999" ind1="C" ind2="5">
    <subfield code="s">Phys.Lett.,B43,476</subfield>
    <subfield code="0">84891</subfield>
  </datafield>
  <datafield tag="999" ind1="C" ind2="5">
    <subfield code="s">Nucl.Phys.,B17,168</subfield>
    <subfield code="0">62712</subfield>
  </datafield>
  <datafield tag="999" ind1="C" ind2="5">
    <subfield code="s">Nucl.Phys.,64,567</subfield>
  </datafield>
</record>