

<record>
  <controlfield tag="001">991</controlfield>
  <controlfield tag="005">20160407101341.0</controlfield>
  <datafield tag="024" ind1="7" ind2=" ">
    <subfield code="a">10.1016/0550-3213(75)90643-4</subfield>
    <subfield code="2">DOI</subfield>
  </datafield>
  <datafield tag="035" ind1=" " ind2=" ">
    <subfield code="z">D75-04650</subfield>
    <subfield code="9">DESY</subfield>
  </datafield>
  <datafield tag="035" ind1=" " ind2=" ">
    <subfield code="a">Caro:1974es</subfield>
    <subfield code="9">SPIRESTeX</subfield>
  </datafield>
  <datafield tag="037" ind1=" " ind2=" ">
    <subfield code="a">UM-P-74/12</subfield>
  </datafield>
  <datafield tag="100" ind1=" " ind2=" ">
    <subfield code="a">Caro, D.E.</subfield>
    <subfield code="u">Melbourne U.</subfield>
    <subfield code="v">School of Physics, University of Melbourne, Parkville, Victoria 3052, Australia</subfield>
    <subfield code="w">D.E.Caro.1</subfield>
    <subfield code="y">0</subfield>
    <subfield code="z">902999</subfield>
  </datafield>
  <datafield tag="210" ind1=" " ind2=" ">
    <subfield code="a">IN-FLIGHT</subfield>
  </datafield>
  <datafield tag="245" ind1=" " ind2=" ">
    <subfield code="a">A Test of the Orfanidis-Rittenberg Statistical Model Using anti-p n Data in Flight</subfield>
  </datafield>
  <datafield tag="260" ind1=" " ind2=" ">
    <subfield code="c">1975</subfield>
    <subfield code="t">published</subfield>
  </datafield>
  <datafield tag="269" ind1=" " ind2=" ">
    <subfield code="c">1974-04</subfield>
  </datafield>
  <datafield tag="300" ind1=" " ind2=" ">
    <subfield code="a">6</subfield>
  </datafield>
  <datafield tag="520" ind1=" " ind2=" ">
    <subfield code="a">We produce inclusive and exclusive branching ratios for pionic annihilations of p n in the range 450–920 MeV/ c . These are compared with a statistical, linear decay model for N N annihilations proposed by Orfanidis and Rittenberg, and we find good agreement using the same parameters as those adopted in previous fits of the model to p p data.</subfield>
    <subfield code="9">Elsevier</subfield>
  </datafield>
  <datafield tag="542" ind1=" " ind2=" ">
    <subfield code="f">Copyright @ unknown. Published by Elsevier B.V.</subfield>
  </datafield>
  <datafield tag="650" ind1="1" ind2="7">
    <subfield code="2">INSPIRE</subfield>
    <subfield code="a">Experiment-HEP</subfield>
    <subfield code="9">automatically added based on DCC, PPF, DK</subfield>
  </datafield>
  <datafield tag="690" ind1="C" ind2=" ">
    <subfield code="a">Published</subfield>
    <subfield code="2">INSPIRE</subfield>
  </datafield>
  <datafield tag="695" ind1=" " ind2=" ">
    <subfield code="a">ANTI-P DEUTERIUM: INTERACTION</subfield>
    <subfield code="2">INSPIRE</subfield>
  </datafield>
  <datafield tag="695" ind1=" " ind2=" ">
    <subfield code="a">INTERACTION: ANTI-P DEUTERIUM</subfield>
    <subfield code="2">INSPIRE</subfield>
  </datafield>
  <datafield tag="695" ind1=" " ind2=" ">
    <subfield code="a">ANTI-P N: ANNIHILATION</subfield>
    <subfield code="2">INSPIRE</subfield>
  </datafield>
  <datafield tag="695" ind1=" " ind2=" ">
    <subfield code="a">ANNIHILATION: ANTI-P N</subfield>
    <subfield code="2">INSPIRE</subfield>
  </datafield>
  <datafield tag="695" ind1=" " ind2=" ">
    <subfield code="a">ANTI-P N: INCLUSIVE REACTION</subfield>
    <subfield code="2">INSPIRE</subfield>
  </datafield>
  <datafield tag="695" ind1=" " ind2=" ">
    <subfield code="a">ANTI-P N: EXCLUSIVE REACTION</subfield>
    <subfield code="2">INSPIRE</subfield>
  </datafield>
  <datafield tag="695" ind1=" " ind2=" ">
    <subfield code="a">MULTIPLE PRODUCTION</subfield>
    <subfield code="2">INSPIRE</subfield>
  </datafield>
  <datafield tag="695" ind1=" " ind2=" ">
    <subfield code="a">MODEL: STATISTICAL</subfield>
    <subfield code="2">INSPIRE</subfield>
  </datafield>
  <datafield tag="695" ind1=" " ind2=" ">
    <subfield code="a">MODEL: ORFANIDIS-RITTENBERG</subfield>
    <subfield code="2">INSPIRE</subfield>
  </datafield>
  <datafield tag="695" ind1=" " ind2=" ">
    <subfield code="a">PI+: FINAL STATE</subfield>
    <subfield code="2">INSPIRE</subfield>
  </datafield>
  <datafield tag="695" ind1=" " ind2=" ">
    <subfield code="a">FINAL STATE: PI+</subfield>
    <subfield code="2">INSPIRE</subfield>
  </datafield>
  <datafield tag="695" ind1=" " ind2=" ">
    <subfield code="a">PI-: FINAL STATE</subfield>
    <subfield code="2">INSPIRE</subfield>
  </datafield>
  <datafield tag="695" ind1=" " ind2=" ">
    <subfield code="a">FINAL STATE: PI-</subfield>
    <subfield code="2">INSPIRE</subfield>
  </datafield>
  <datafield tag="695" ind1=" " ind2=" ">
    <subfield code="a">PI0: FINAL STATE</subfield>
    <subfield code="2">INSPIRE</subfield>
  </datafield>
  <datafield tag="695" ind1=" " ind2=" ">
    <subfield code="a">FINAL STATE: PI0</subfield>
    <subfield code="2">INSPIRE</subfield>
  </datafield>
  <datafield tag="695" ind1=" " ind2=" ">
    <subfield code="a">BUBBLE CHAMBER(DEUTERIUM): EXPERIMENTAL RESULTS</subfield>
    <subfield code="2">INSPIRE</subfield>
  </datafield>
  <datafield tag="695" ind1=" " ind2=" ">
    <subfield code="a">EXPERIMENTAL RESULTS: BUBBLE CHAMBER(DEUTERIUM)</subfield>
    <subfield code="2">INSPIRE</subfield>
  </datafield>
  <datafield tag="695" ind1=" " ind2=" ">
    <subfield code="a">BROOKHAVEN PS</subfield>
    <subfield code="2">INSPIRE</subfield>
  </datafield>
  <datafield tag="695" ind1=" " ind2=" ">
    <subfield code="a">ANTI-P N --&gt; PI+ 2PI-</subfield>
    <subfield code="2">INSPIRE</subfield>
  </datafield>
  <datafield tag="695" ind1=" " ind2=" ">
    <subfield code="a">ANTI-P N --&gt; PI+ 2PI- PI0</subfield>
    <subfield code="2">INSPIRE</subfield>
  </datafield>
  <datafield tag="695" ind1=" " ind2=" ">
    <subfield code="a">ANTI-P N --&gt; 2PI+ 3PI-</subfield>
    <subfield code="2">INSPIRE</subfield>
  </datafield>
  <datafield tag="695" ind1=" " ind2=" ">
    <subfield code="a">ANTI-P N --&gt; 2PI+ 3PI- PI0</subfield>
    <subfield code="2">INSPIRE</subfield>
  </datafield>
  <datafield tag="695" ind1=" " ind2=" ">
    <subfield code="a">0.5-1.0 GEV/C</subfield>
    <subfield code="2">INSPIRE</subfield>
  </datafield>
  <datafield tag="700" ind1=" " ind2=" ">
    <subfield code="a">Gold, E.</subfield>
    <subfield code="u">Melbourne U.</subfield>
    <subfield code="v">School of Physics, University of Melbourne, Parkville, Victoria 3052, Australia</subfield>
    <subfield code="w">E.Gold.2</subfield>
    <subfield code="y">0</subfield>
    <subfield code="z">902999</subfield>
  </datafield>
  <datafield tag="700" ind1=" " ind2=" ">
    <subfield code="a">Klein, A.G.</subfield>
    <subfield code="u">Melbourne U.</subfield>
    <subfield code="v">School of Physics, University of Melbourne, Parkville, Victoria 3052, Australia</subfield>
    <subfield code="w">A.Klein.5</subfield>
    <subfield code="y">0</subfield>
    <subfield code="z">902999</subfield>
  </datafield>
  <datafield tag="700" ind1=" " ind2=" ">
    <subfield code="a">Opat, G.I.</subfield>
    <subfield code="u">Melbourne U.</subfield>
    <subfield code="v">School of Physics, University of Melbourne, Parkville, Victoria 3052, Australia</subfield>
    <subfield code="w">G.I.Opat.1</subfield>
    <subfield code="x">994830</subfield>
    <subfield code="y">1</subfield>
    <subfield code="z">902999</subfield>
  </datafield>
  <datafield tag="700" ind1=" " ind2=" ">
    <subfield code="a">Wignall, J.W.G.</subfield>
    <subfield code="u">Melbourne U.</subfield>
    <subfield code="v">School of Physics, University of Melbourne, Parkville, Victoria 3052, Australia</subfield>
    <subfield code="w">J.W.G.Wignall.1</subfield>
    <subfield code="y">0</subfield>
    <subfield code="z">902999</subfield>
  </datafield>
  <datafield tag="773" ind1=" " ind2=" ">
    <subfield code="y">1975</subfield>
    <subfield code="p">Nucl.Phys.</subfield>
    <subfield code="c">221-226</subfield>
    <subfield code="v">B90</subfield>
    <subfield code="1">1214548</subfield>
  </datafield>
  <datafield tag="909" ind1="C" ind2="O">
    <subfield code="o">oai:inspirehep.net:991</subfield>
    <subfield code="p">INSPIRE:HEP</subfield>
  </datafield>
  <datafield tag="961" ind1=" " ind2=" ">
    <subfield code="c">1974-04-01</subfield>
    <subfield code="x">2016-07-13</subfield>
  </datafield>
  <datafield tag="970" ind1=" " ind2=" ">
    <subfield code="a">SPIRES-29939</subfield>
  </datafield>
  <datafield tag="980" ind1=" " ind2=" ">
    <subfield code="a">Published</subfield>
  </datafield>
  <datafield tag="980" ind1=" " ind2=" ">
    <subfield code="a">Citeable</subfield>
  </datafield>
  <datafield tag="980" ind1=" " ind2=" ">
    <subfield code="a">CORE</subfield>
  </datafield>
  <datafield tag="980" ind1=" " ind2=" ">
    <subfield code="a">HEP</subfield>
  </datafield>
  <datafield tag="999" ind1="C" ind2="5">
    <subfield code="s">Austral.J.Phys.,23,819</subfield>
    <subfield code="0">65943</subfield>
  </datafield>
  <datafield tag="999" ind1="C" ind2="5">
    <subfield code="s">Nuovo Cim.,A12,162</subfield>
    <subfield code="0">76551</subfield>
  </datafield>
  <datafield tag="999" ind1="C" ind2="5">
    <subfield code="s">Phys.Lett.,B33,477</subfield>
    <subfield code="0">69368</subfield>
  </datafield>
  <datafield tag="999" ind1="C" ind2="5">
    <subfield code="s">Lett.Nuovo Cim.,2S2,1009</subfield>
    <subfield code="0">69921</subfield>
  </datafield>
</record>
</collection>
